@article{Wikipedia2012s,
	    title={Best increments for the Average Case of {Shellsort}},
		    author={Internet},
			    journal={},
				    year={2012},
					    note={URL:
							        {\url{http://en.wikipedia.org/wiki/Shellsort}}},
}
@manual{gnumake,
	organization={{GNU}},
	title={{GNU} `make'},
	URL={http://www.gnu.org/software/make/manual/make.html},
}
@book{Deitel2012cht,
	author={Deitel, Paul J. and Deitel, Harvey M.}, 
	title={C++ : How To Program}, 
	publisher={Pearson/Prentice Hall},
	address={Harlow},
	year={2012},
	edition={8:e internationella},
	keywords={C++ (programspr{\aa}k)},
}
@manual{cppref,
	title={{C++} Reference},
	URL={http://www.cplusplus.com/reference/},
}
@article{Knuth1977tca,
	title={The Computer as a Master Mind},
	author={Knuth, Donald E.},
	journal={J. Recreational Mathematics},
	volume={9},
	number={1},
	year={1977},
}
@article{Neuwirth1982ssf,
	title={Some strategies for {Mastermind}},
	author={Neuwirth, E.},
	journal={Mathematical Methods of Operations Research},
	year={1982},
}
@article{Vomlel2004bni,
	title={Bayesian networks in {Mastermind}},
	author={Vomlel, J.},
	journal={Proceedings of the 7th Czech-Japan Seminar},
	year={2004},
}
@article{Goddard2004mr,
	title={{Mastermind} revisited},
	author={Goddard, Wayne},
	journal={J. Combin. Math. Comin. Comp.},
	year={2004},
}
@article{Kooi2005yam,
	title={Yet another {Mastermind} strategy},
	author={Kooi, B.},
	journal={ICGA Journal},
	year={2005},
}
@unpublished{Slovesnov2011soo,
	title={Search of optimal algorithms for bulls and cows game},
	author={Slovesnov, Alexey},
	edition={2},
	year={2011},
	month={nov},
	day={1},
	note={URL: {\url{http://bulls-cows.sourceforge.net/bullscows.pdf}}},
}
@article{clura2001shellsortavg,
	title={Best increments for the Average Case of {Shellsort}},
	author={Ciura, Marcin},
	journal={Proceedings of the 13th International Symposium on Fundamentals of
	Computation Theory.},
	year={2001},
	note={URL:
		{\url{http://sun.aei.polsl.pl/~mciura/publikacje/shellsort.pdf}}},
}
