@String{org-ISO = "{International Organization for Standardization}"}
@String{cxx-wd ="{Working Draft, Standard for Programming Language C ++}"}

@book{ISO:n3337,
	author= org-ISO,
	title= cxx-wd,
	publisher= pub-ISO,
	address=   pub-ISO:adr,
	edition= {N3337},
	year={2012},
	series = "ISO/IEC 14882:2011"
}

@book{ intro-sort,
	author= {David R. Musser},
	title= {Software--Practice and Experience},
	publisher= {Wiley},
	year= {1997},
	edition= {8},
	note= {http://www.cs.rpi.edu/~musser/gp/introsort.ps}
}


